@misc{sec4_ref1,
  title  = {Fenómenos de Transporte},
  author = {Wikipedia},
  url    = {https://es.wikipedia.org/wiki/Fen%C3%B3menos_de_transporte}
}

@misc{sec4_ref2,
  title  = {Transport Phenomena Summary},
  author = {Scribd},
  url    = {https://fr.scribd.com/document/445363413/Transport-phenomena-summary}
}

@misc{sec4_ref3,
  title  = {Introduction to Mass Transport},
  author = {Igem},
  url    = {https://static.igem.org/mediawiki/2020/9/9a/T--Waterloo--TF5.pdf}
}

@misc{sec4_ref4,
  title  = {A-level Physics/Health Physics/Transport Phenomena},
  author = {Wikibooks},
  url    = {https://en.wikibooks.org/wiki/A-level_Physics/Health_Physics/Transport_Phenomena}
}

@misc{sec4_ref5,
  title  = {"Energy transfer" and "Energy transport"},
  author = {StackExchange},
  url    = {https://tinyurl.com/3j9nnz95}
}

@misc{sec4_ref6,
  title  = {Energy Transport},
  author = {Shankar Subramanian},
  url    = {https://tinyurl.com/439hf6wt}
}

@misc{sec4_ref7,
  title  = {Momentum and Energy Transport},
  author = {Werner Platzer},
  year   = {2024},
  url    = {https://tinyurl.com/mw9kwzyd}
}

@misc{sec4_ref8,
  title  = {Advanced Chemical Engineering Science Unit 4 - Transport Phenomena},
  author = {Fiveable},
  url    = {https://library.fiveable.me/advanced-chemical-engineering-science/unit-4},
  note   = {Fecha de acceso: marzo 16, 2025}
}

@misc{sec4_ref9,
  title  = {Modeling coupled transport phenomena and mechanical deformation of shrimp during drying in a jet spouted bed dryer},
  author = {Chalida Niamnuy and Sakamon Devahastin and Somchart Soponronnarit and Vijaya Raghavan},
  year   = {2008},
  url    = {https://tinyurl.com/5cctkttz}
}

@misc{sec4_ref10,
  title  = {Transport phenomena for dust combustion},
  author = {Russell Ogle},
  year   = {2017},
  url    = {https://www.researchgate.net/publication/311998579_Transport_phenomena_for_dust_combustion}
}

@misc{sec4_ref11,
  title  = {Momentum and Energy Transport},
  author = {Robert Stieglitz and Werner Platzer},
  url    = {https://www.researchgate.net/publication/379501228_Momentum_and_Energy_Transport}
}

@misc{sec4_ref12,
  title  = {Transport Phenomena in Our Life},
  author = {Engineering Information Technology},
  url    = {https://user.eng.umd.edu/~dimitrak/Courses/ENCH630_2004/LifeEx/index.html}
}

@misc{subsec5_3ref1,
  author = {Wikipedia},
  title  = {Destilación fraccionada},
  year   = {2024},
  url    = {https://es.wikipedia.org/wiki/Destilaci%C3%B3n_fraccionada},
  note   = {Consultado el 23 de marzo de 2025}
}

@book{subsec5_3ref2,
  author    = {Galagvosky, L. R.},
  title     = {Química Orgánica: Fundamentos Teórico-Prácticos para el laboratorio},
  edition   = {Primera},
  year      = {2002},
  publisher = {Editorial Universitaria Buenos Aires},
  address   = {Buenos Aires}
}

@misc{subsec5_3ref3,
  author = {Wikipedia},
  title  = {Columna de fraccionamiento},
  year   = {2024},
  url    = {https://es.wikipedia.org/wiki/Columna_de_fraccionamiento},
  note   = {Consultado el 23 de marzo de 2025}
}

@misc{subsec5_3ref4,
  author = {Universidad de Valencia},
  title  = {Demostración de la Ley de Raoult: Nucleación Heterogénea en el Frasco de Franklin Vertical},
  year   = {2025},
  url    = {https://tinyurl.com/5jpuktfb},
  note   = {Consultado el 23 de marzo de 2025}
}

@misc{subsec5_3ref5,
  author      = {Luis Diego Gabriel Pérez Pérez},
  title       = {Laboratorio de Química Orgánica I, Sección 02},
  year        = {2020},
  institution = {Universidad Rafael Landívar, Facultad de Ingeniería, Ingeniería Química Industrial},
  note        = {Guatemala, 5 de marzo del 2020},
  school      = {Universidad Rafael Landívar}
}

@online{subsec5_3ref6,
  author = {Ministerio para la Transición Ecológica y el Reto Demográfico},
  title  = {Petróleo y comportamiento en el mar},
  year   = {2024},
  url    = {https://tinyurl.com/3ny9d2su},
  note   = {Consultado el 23 de marzo de 2025}
}

@misc{subsec5_5ref1,
  author = {Vidal, Esmeralda},
  title  = {Constante de equilibrio \( K_i \)},
  year   = {2014},
  url    = {https://tinyurl.com/ms3np8tk},
  note   = {Accedido: 2025-03-29}
}

@book{subsec5_5ref2,
  author    = {Robert E. Treybal},
  title     = {Operaciones de transferencia de masa},
  year      = {1980},
  publisher = {McGraw-Hill},
  url       = {https://tinyurl.com/bdduhzvk}
}

@misc{subsec5_5ref3,
  author = {dejac001},
  title  = {Distillation Simulation},
  year   = {2025},
  url    = {https://github.com/dejac001/distillation},
  note   = {Accedido: 2025-03-30}
}

@book{subsec5_5ref4,
  author    = {Green, Don W. and Perry, Robert H.},
  title     = {Perry's Chemical Engineers' Handbook},
  publisher = {McGraw-Hill Professional Publishing},
  edition   = {8},
  year      = {2007},
  note      = {ProQuest Ebook Central}
}
 
@book{subsec5_5ref5,
  author    = {Wankat, P. C.},
  title     = {Separation Process Engineering},
  publisher = {Prentice Hall},
  edition   = {3},
  year      = {2012},
  pages     = {33}
}

@misc{fenske_underwood_gilliland,
  author = {Misael},
  title  = {Método Fenske - Underwood - Gilliland Para Destilación Multicomponente},
  year   = {2021},
  url    = {https://www.youtube.com/watch?v=5OvuFDWkzns},
  note   = {Video de Youtube}
}

@misc{ecuaciones_mesh,
  author = {Misael},
  title  = {Cálculos Rigurosos Para Etapas de Equilibrio: Ecuaciones MESH},
  year   = {2021},
  url    = {https://www.youtube.com/watch?v=5OvuFDWkzns},
  note   = {Video de Youtube}
}
@misc{KuttlerLU,
  author    = {Kuttler, Kenneth},
  title     = {2.10: Factorización LU},
  year      = {2024},
  url       = {https://espanol.libretexts.org/Matematicas/Algebra_lineal/Un_Primer_Curso_de_%C3%81lgebra_Lineal_(Kuttler)/02%3A_Matrices/2.10%3A_Factorizaci%C3%B3n_LU},
  note      = {Accedido el 6 de abril de 2025},
  publisher = {LibreTexts}
}

@book{termo_cengel_god,
  author    = {Yunus Çengel and Michael Boles},
  edition   = {8},
  publisher = {McGraw-Hill},
  title     = {Termodinámica},
  year      = {2013}
}

@mastersthesis{GonzalezRamirez2020,
  author  = {Beatriz González Ramírez},
  title   = {Comparativa entre métodos utilizados en el diseño de platos perforados para columnas de destilación, mediante programación en hojas de cálculo Excel},
  school  = {Universidad Nacional Autónoma de México, Facultad de Estudios Superiores Cuautitlán},
  year    = {2020},
  type    = {Tesis de licenciatura},
  address = {Cuautitlán Izcalli, Estado de México},
  advisor = {I.Q. Carlos Orozco Hernández},
  url     = {https://tesis.unam.mx},
  note    = {Tesis digital disponible en la Dirección General de Bibliotecas de la UNAM}
}

@manual{KLMTech2011,
  title       = {Distillation Column Selection and Sizing (Engineering Design Guidelines)},
  author      = {KLM Technology Group},
  edition     = {Rev. 03},
  year        = {2011},
  address     = {Johor Bahru, Malaysia},
  institution = {KLM Technology Group},
  note        = {Prepared by: Chew Yin Hoon (Rev 1), Ai Li Ling (Rev 2), Aprilia Jaya (Rev 3); Checked by: Karl Kolmetz},
  url         = {https://www.klmtechgroup.com/PDF/EDG/ENGINEERING%20DESIGN%20GUIDELINES%20-%20distillation%20column.pdf}
}

@book{peters1991plant,
  title     = {Plant Design and Economics for Chemical Engineers},
  author    = {Peters, Max S. and Timmerhaus, Klaus D.},
  year      = {1991},
  edition   = {4th},
  publisher = {McGraw-Hill},
  address   = {New York},
  isbn      = {9780070496136}
}

@book{perry1997chemical,
  title     = {Perry's Chemical Engineers' Handbook},
  author    = {Perry, Robert H. and Green, Don W.},
  editor    = {Green, Don W. and Maloney, James O.},
  edition   = {7th},
  year      = {1997},
  publisher = {McGraw-Hill},
  address   = {New York},
  isbn      = {9780070498413}
}

@book{towler2013chemical,
  title     = {Chemical Engineering Design: Principles, Practice and Economics of Plant and Process Design},
  author    = {Towler, Gavin and Sinnott, Ray},
  year      = {2013},
  edition   = {2},
  publisher = {Elsevier},
  address   = {Oxford},
  isbn      = {978-0-08-096659-5}
}

@misc{ntnu2011cepci,
  title        = {Chemical Engineering Plant Cost Index (averaged over year)},
  author       = {Magne Hillestad},
  year         = {2011},
  howpublished = {\url{https://www.nt.ntnu.no/users/magnehi/cepci_2011_py.pdf}},
  note         = {Accedido el 4 de junio de 2025}
}

@misc{installationFactors2021,
  author       = {Luyben, William L.},
  title        = {Installation Factors for Different Equipment},
  year         = {2021},
  howpublished = {\url{https://www.researchgate.net/figure/Installation-factors-for-different-equipment-27_tbl2_352461588}},
  note         = {Tabla de factores de instalación para distintos equipos de proceso. Utilizada para calcular costos instalados a partir de costos base.}
}
@article{Greenberg2006,
  author  = {Greenberg, J.~P. and Friedli, H. and Guenther, A.~B. and Hanson, D.~R. and Harley, P. and Karl, T.},
  title   = {Volatile organic emissions from the distillation and pyrolysis of vegetation},
  journal = {Atmospheric Chemistry and Physics},
  year    = {2006},
  volume  = {6},
  number  = {1},
  pages   = {81--91},
  doi     = {10.5194/acp-6-81-2006}
}
@article{Gadalla2005,
  author  = {Gadalla, Mamdouh A. and Olujic, Zarko and Jansens, Peter J. and Jobson, Megan and Smith, Robin},
  title   = {Reducing CO$_2$ emissions and energy consumption of heat-integrated distillation systems},
  journal = {Environmental Science \& Technology},
  year    = {2005},
  volume  = {39},
  number  = {17},
  pages   = {6860--6870},
  doi     = {10.1021/es049795q}
}
@article{AuthorUnknown_SustainableDistillation,
  author  = {{Sustainable Operations for Distillation Columns}},
  title   = {Sustainable Operations for Distillation Columns},
  journal = {unpublished report on ResearchGate},
  year    = {2013},
  note    = {Available via ResearchGate}
}
@misc{distillation_techniques,
  author       = {Luyben, William L.},
  title        = {Distillation Techniques},
  year         = {2021},
  howpublished = {\url{https://www.researchgate.net/publication/352461588_Distillation_Techniques}},
  note         = {Accedido el 4 de junio de 2025}
}